% This file was created with JabRef 2.7b.
% Encoding: UTF-8

@ARTICLE{Azodolmolky,
  author = {Azodolmolky, S. and Wieder, P. and Yahyapour, R.},
  title = {Cloud computing networking: challenges and opportunities for innovations},
  journal = {Communications Magazine, IEEE},
  year = {2013},
  volume = {51},
  pages = {54-62},
  number = {7},
  month = {July},
  doi = {10.1109/MCOM.2013.6553678},
  issn = {0163-6804},
  keywords = {cloud computing;IaaS facilities;cloud computing facilities;cloud computing
	networking;compute resources on-demand provisioning;networking issues;networking
	resource on-demand provisioning;pay-per-use business model;software-defined
	networking proposals;storage resource on-demand provisioning;utility
	computing;Cloud computing;Network topology;Servers;Switches;Virtual
	private networks}
}

@MISC{Bushong2013,
  author = {Michael Bushong},
  title = {Using big data for SDN: How analytics will enable programmability},
  month = {August},
  year = {2013},
  citeseerurl = {http://searchsdn.techtarget.com/opinion/Using-big-data-for-SDN-How-analytics-will-enable-programmability},
  url = {http://searchsdn.techtarget.com/opinion/Using-big-data-for-SDN-How-analytics-will-enable-programmability}
}

@MISC{Bushong2013-2,
  author = {Michael Bushong},
  title = {SDN, big data, and the self-optimizing network},
  howpublished = {Infoworld.com},
  month = {October},
  year = {2013},
  citeseerurl = {http://www.infoworld.com/article/2612727/sdn/sdn--big-data--and-the-self-optimizing-network.html},
  timestamp = {2014.10.20},
  url = {http://www.infoworld.com/article/2612727/sdn/sdn--big-data--and-the-self-optimizing-network.html}
}

@BOOK{Frontiers,
  title = {Frontiers in Massive Data Analysis},
  publisher = {The National Academies Press},
  year = {2013},
  author = {National Research Council},
  address = {Washington, DC},
  isbn = {978-0-309-28778-4},
  url = {http://www.nap.edu/catalog.php?record_id=18374}
}

@ARTICLE{Dean:2008:MSD:1327452.1327492,
  author = {Dean, Jeffrey and Ghemawat, Sanjay},
  title = {MapReduce: Simplified Data Processing on Large Clusters},
  journal = {Commun. ACM},
  year = {2008},
  volume = {51},
  pages = {107--113},
  number = {1},
  month = jan,
  acmid = {1327492},
  address = {New York, NY, USA},
  doi = {10.1145/1327452.1327492},
  issn = {0001-0782},
  issue_date = {January 2008},
  numpages = {7},
  publisher = {ACM},
  url = {http://doi.acm.org/10.1145/1327452.1327492}
}

@ARTICLE{Feamster:2013:RS:2559899.2560327,
  author = {Feamster, Nick and Rexford, Jennifer and Zegura, Ellen},
  title = {The Road to SDN},
  journal = {Queue},
  year = {2013},
  volume = {11},
  pages = {20:20--20:40},
  number = {12},
  month = dec,
  acmid = {2560327},
  address = {New York, NY, USA},
  articleno = {20},
  doi = {10.1145/2559899.2560327},
  issn = {1542-7730},
  issue_date = {December 2013},
  numpages = {21},
  publisher = {ACM},
  url = {http://doi.acm.org/10.1145/2559899.2560327}
}

@INPROCEEDINGS{Fischer:2010:ATE:1810479.1810484,
  author = {Fischer, Michael J. and Su, Xueyuan and Yin, Yitong},
  title = {Assigning Tasks for Efficiency in Hadoop: Extended Abstract},
  booktitle = {Proceedings of the Twenty-second Annual ACM Symposium on Parallelism
	in Algorithms and Architectures},
  year = {2010},
  series = {SPAA '10},
  pages = {30--39},
  address = {New York, NY, USA},
  publisher = {ACM},
  acmid = {1810484},
  doi = {10.1145/1810479.1810484},
  isbn = {978-1-4503-0079-7},
  keywords = {approximation algorithm, hadoop, load balancing, mapreduce, np-completeness,
	task assignment},
  location = {Thira, Santorini, Greece},
  numpages = {10},
  url = {http://doi.acm.org/10.1145/1810479.1810484}
}

@ARTICLE{Ghemawat:2003:GFS:1165389.945450,
  author = {Ghemawat, Sanjay and Gobioff, Howard and Leung, Shun-Tak},
  title = {The Google File System},
  journal = {SIGOPS Oper. Syst. Rev.},
  year = {2003},
  volume = {37},
  pages = {29--43},
  number = {5},
  month = oct,
  acmid = {945450},
  address = {New York, NY, USA},
  doi = {10.1145/1165389.945450},
  issn = {0163-5980},
  issue_date = {December 2003},
  keywords = {clustered storage, data storage, fault tolerance, scalability},
  numpages = {15},
  publisher = {ACM},
  url = {http://doi.acm.org/10.1145/1165389.945450}
}

@ARTICLE{Kirkpatrick:2013:SN:2500468.2500473,
  author = {Kirkpatrick, Keith},
  title = {Software-defined Networking},
  journal = {Commun. ACM},
  year = {2013},
  volume = {56},
  pages = {16--19},
  number = {9},
  month = sep,
  acmid = {2500473},
  address = {New York, NY, USA},
  doi = {10.1145/2500468.2500473},
  issn = {0001-0782},
  issue_date = {September 2013},
  numpages = {4},
  publisher = {ACM},
  url = {http://doi.acm.org/10.1145/2500468.2500473}
}

@INPROCEEDINGS{Kreutz13,
  author = {Kreutz, Diego and Ramos, Fernando M.V. and Verissimo, Paulo},
  title = {Towards Secure and Dependable Software-defined Networks},
  booktitle = {Proceedings of the Second ACM SIGCOMM Workshop on Hot Topics in Software
	Defined Networking},
  year = {2013},
  series = {HotSDN '13},
  pages = {55--60},
  address = {New York, NY, USA},
  publisher = {ACM},
  acmid = {2491199},
  doi = {10.1145/2491185.2491199},
  isbn = {978-1-4503-2178-5},
  keywords = {controllers, dependability, sdn, security, threat vectors},
  location = {Hong Kong, China},
  numpages = {6},
  url = {http://doi.acm.org/10.1145/2491185.2491199}
}

@MISC{NOX,
  author = {Murphy McCauley},
  title = {NOX Controller},
  howpublished = {\url{http://www.noxrepo.org/nox/about-nox/}},
  citeseerurl = {\url{http://www.noxrepo.org/nox/about-nox/}},
  url = {\url{http://www.noxrepo.org/nox/about-nox/}},
  urldate = {07-08-2014}
}

@ARTICLE{McKeown-CCR2008,
  author = {McKeown, Nick and Anderson, Tom and Balakrishnan, Hari and Parulkar,
	Guru and Peterson, Larry and Rexford, Jennifer and Shenker, Scott
	and Turner, Jonathan},
  title = {OpenFlow: enabling innovation in campus networks},
  journal = {SIGCOMM Comput. Commun. Rev.},
  year = {2008},
  volume = {38},
  pages = {69--74},
  number = {2},
  month = {mar},
  acmid = {1355746},
  address = {New York, NY, USA},
  doi = {10.1145/1355734.1355746},
  issue_date = {April 2008},
  keywords = {ethernet switch, flow-based, virtualization},
  numpages = {6},
  publisher = {ACM}
}

@ARTICLE{Scheduling,
  author = {Peng Qin and Bin Dai and Benxiong Huang and Guan Xu},
  title = {Bandwidth-Aware Scheduling with SDN in Hadoop: A New Trend for Big
	Data},
  journal = {CoRR},
  year = {2014},
  volume = {abs/1403.2800},
  pages = {1-8},
  timestamp = {Thu, 02 Oct 2014 10:41:12 +0200},
  url = {http://arxiv.org/abs/1403.2800}
}

@MISC{robert2012system,
  author = {Robert, B.I.I. and Carman, D.Z.},
  title = {System for regulating access to and distributing content in a network},
  month = {feb},
  year = {2012},
  note = {US Patent 8,122,128},
  publisher = {Google Patents},
  url = {http://www.google.com/patents/US8122128}
}

@ARTICLE{sezer2013we,
  author = {Sezer, Sakir and Scott-Hayward, Sandra and Chouhan, Pushpinder-Kaur
	and Fraser, Barbara and Lake, David and Finnegan, Jim and Viljoen,
	Niel and Miller, Marc and Rao, Navneet},
  title = {Are we ready for SDN? Implementation challenges for software-defined
	networks},
  journal = {Communications Magazine, IEEE},
  year = {2013},
  volume = {51},
  number = {7},
  publisher = {IEEE}
}

@MISC{Liu2014,
  author = {Liu Swift},
  title = {Big Data Analytics for United Security \textendash What Advantages Does an Agile Network Bring? (Issue 2)},
  howpublished = {Whitepaper},
  month = {March},
  year = {2014},
  note = {Huawei Whitepaper},
  citeseerurl = {http://enterprise.huawei.com/en/partners/partners-zone/channel-data-tool/index.htm?node_id=13510&type_ids=1356&doc_id=HW_333576},
  timestamp = {2014.10.20},
  url = {http://enterprise.huawei.com/en/partners/partners-zone/channel-data-tool/index.htm?node_id=13510&type_ids=1356&doc_id=HW_333576}
}

@MISC{Hadoop,
  author = {{The Apache Software Foundation}},
  title = {Hadoop},
  howpublished = {\url{http://hadoop.apache.org/}},
  citeseerurl = {\url{http://hadoop.apache.org/}},
  organization = {{The Apache Software Foundation}},
  timestamp = {2014.10.02},
  url = {\url{http://hadoop.apache.org/}}
}

@MISC{Spark,
  author = {{The Apache Software Foundation}},
  title = {Spark},
  howpublished = {\url{http://spark.apache.org/}},
  year = {2014},
  organization = {"{The Apache Software Foundation}"},
  timestamp = {2014.10.02},
  url = {\url{http://spark.apache.org/}}
}

@MISC{ODL,
  author = {{The Open Daylight Project}},
  title = {Open Daylight Project},
  howpublished = {\url{http://www.opendaylight.org/}},
  citeseerurl = {\url{http://www.opendaylight.org/}},
  url = {\url{http://www.opendaylight.org/}},
  urldate = {07-08-2014}
}

@INPROCEEDINGS{Wang:2012:PYN:2342441.2342462,
  author = {Wang, Guohui and Ng, T.S. Eugene and Shaikh, Anees},
  title = {Programming Your Network at Run-time for Big Data Applications},
  booktitle = {Proceedings of the First Workshop on Hot Topics in Software Defined
	Networks},
  year = {2012},
  series = {HotSDN '12},
  pages = {103--108},
  address = {New York, NY, USA},
  publisher = {ACM},
  acmid = {2342462},
  doi = {10.1145/2342441.2342462},
  isbn = {978-1-4503-1477-0},
  keywords = {big data applications, optical circuit switching, software defined
	networking},
  location = {Helsinki, Finland},
  numpages = {6},
  url = {http://doi.acm.org/10.1145/2342441.2342462}
}

